%Articles
@article {Survey2015,
	author = "Johanna Beyer and Markus Hadwiger and Hanspeter Pfister",
	title = "{State-of-the-Art in GPU-Based Large-Scale Volume Visualization}",
	journal = "Computer Graphics Forum",
	publisher = "In Press",
	day = "13",
	month = "May",
	year = "2015"
}



%Thesis
@phdthesis{Carmona2008,
    author    = "Rhadam\'es Carmona",
    title     = "{Visualizaci\'on Multi-Resoluci\'on de Vol\'umenes de Gran Tama\~no}",
    school    = "Universidad Central de Venezuela",
    address  = "Caracas, Venezuela",
    year      = "2008"
}



@MastersThesis{Zile2015,
	author    = "Zilerimar Fern\'andez and Augusto Ram\'irez",
	title     = "{Visualizaci\'on de Vol\'umenes Multi-resoluci\'on con Manejo Eficiente de la Segmenetaci\'on de la Textura Atlas}",
	school    = "Universidad Central de Venezuela",
	address  	= "Caracas, Venezuela",
	month 		= "May",
	type 			= "Trabajo Especial de Grado",
	year      = "2015"
}


%Misc
@electronic {Google,
    author = "Google",
    title = "{Google C++ Style Guide}",
    url = "http://google-styleguide.googlecode.com/svn/trunk/cppguide.html",
		note  = "[Accedido: 02-07-2015]"
}



@book{BCH12,
    author    = "Wes Bethel and Hank Childs and Charles Hansen",
		subtitle = "{Enabling Extreme-Scale Scientific Insight}",
    title     = "{High Performance Visualization}",
    edition = "1st",
    year      = "2013",
		publisher = "CRC Press/Taylor and Francis Group"
}




@incollection{OpenCLCUDAOpenGL2012,
year={2012},
isbn={978-3-642-31499-5},
booktitle={Parallel Processing and Applied Mathematics},
volume={7204},
series={Lecture Notes in Computer Science},
title="{Comparing CUDA, OpenCL and OpenGL Implementations of the Cardiac Monodomain Equations}",
publisher={Springer Berlin Heidelberg},
author={Sachetto Oliveira, Rafael and Rocha, Bernardo Martins and Amorim, Ronan MendonÃ§a and Campos, Fernando Otaviano and Meira, Wagner, Jr. and Toledo, Elson Magalhes and dos Santos, Rodrigo Weber},
pages={111-120},
language={English}
}
%doi={10.1007/978-3-642-31500-8_12},
%url={http://dx.doi.org/10.1007/978-3-642-31500-8_12},


@inproceedings{OpenCLCUDAOpenGL2010,
 author = {Vassilev, Tzvetomir Ivanov},
 title = "{Comparison of Several Parallel API for Cloth Modelling on Modern GPUs}",
 booktitle = {Proceedings of the 11th International Conference on Computer Systems and Technologies and Workshop for PhD Students in Computing on International Conference on Computer Systems and Technologies},
 series = {CompSysTech '10},
 year = {2010},
 isbn = {978-1-4503-0243-2},
 address = {Sofia, Bulgaria},
 pages = {131--136},
 numpages = {6},
 acmid = {1839403},
 publisher = {ACM},
 keywords = {GPU programming, cloth modelling, parallel computing}
} 



